@misc{Frank+Asuncion:2010,
author = "A. Frank and A. Asuncion",
year = "2010",
title = "{UCI} Machine Learning Repository",
url = "http://archive.ics.uci.edu/ml",
institution = "University of California, Irvine, School of Information and Computer Sciences" }

@misc{Hall_weka:2010,
    author = {Mark Hall and Eibe Frank and Geoffrey Holmes and Bernhard Pfahringer and Peter Reutemann and Ian H. Witten},
    title = {The WEKA Data Mining Software: An Update},
    year = "2010"
}

@misc{Castro:2013,
    author = {Daniel Castro},
    title = {Supervised Learning Analysis and Report},
    year = "2013"
}

@article{kirkpatrick1984optimization,
  title={Optimization by simulated annealing: Quantitative studies},
  author={Kirkpatrick, Scott},
  journal={Journal of statistical physics},
  volume={34},
  number={5},
  pages={975--986},
  year={1984},
  publisher={Springer}
}

@article{de1997mimic,
  title={MIMIC: Finding optima by estimating probability densities},
  author={De Bonet, Jeremy S and Isbell, Charles L and Viola, Paul and others},
  journal={Advances in neural information processing systems},
  pages={424--430},
  year={1997},
  publisher={MORGAN KAUFMANN PUBLISHERS}
}

@article{fraser1957simulation,
  title={Simulation of Genetic Systems by Automatic Digital Computers},
  author={Fraser, Alex S},
  journal={Australian Journal of Biological Sciences},
  volume={13},
  number={2},
  pages={150--162},
  year={1957},
  publisher={CSIRO}
}

@techreport{baluja1997using,
  title={Using Optimal Dependency-Trees for Combinatorial Optimization: Learning the Structure of the Search Space.},
  author={Baluja, Shumeet and Davies, Scott},
  year={1997},
  institution={DTIC Document}
}